<record><leader>00000cas a22000007a 4500</leader><controlfield tag="001">11458528</controlfield><controlfield tag="008">841205d18651866cauwr ne      0    0eng d</controlfield><datafield ind1=" " ind2=" " tag="010"><subfield code="a">sn 84035872 </subfield></datafield><datafield ind1=" " ind2=" " tag="040"><subfield code="a">NYG</subfield><subfield code="b">eng</subfield><subfield code="c">NYG</subfield><subfield code="d">NPX</subfield><subfield code="d">CNK</subfield><subfield code="d">OCLCQ</subfield><subfield code="d">ZAP</subfield><subfield code="d">OCLCF</subfield><subfield code="d">OCLCO</subfield></datafield><datafield ind1="1" ind2=" " tag="029"><subfield code="a">AU@</subfield><subfield code="b">000020345991</subfield></datafield><datafield ind1=" " ind2=" " tag="042"><subfield code="a">msc</subfield></datafield><datafield ind1="0" ind2="0" tag="245"><subfield code="a">Pajaro Valley times.</subfield></datafield><datafield ind1=" " ind2=" " tag="260"><subfield code="a">Watsonville, Santa Cruz County, Cal. :</subfield><subfield code="b">Kearney, McQuillan &amp; Duchow</subfield></datafield><datafield ind1=" " ind2=" " tag="300"><subfield code="a">v. ;</subfield><subfield code="c">60 cm.</subfield></datafield><datafield ind1=" " ind2=" " tag="310"><subfield code="a">Weekly</subfield></datafield><datafield ind1="0" ind2=" " tag="362"><subfield code="a">Vol. 3, no. 105 (Apr. 22, 1865)-v. 4, no. 184 (Oct. 27, 1866).</subfield></datafield><datafield ind1=" " ind2=" " tag="500"><subfield code="a">Published in Santa Cruz, Calif. Oct. 27, 1866.</subfield></datafield><datafield ind1=" " ind2="4" tag="651"><subfield code="a">Pajaro River Valley (Calif.)</subfield><subfield code="v">Newspapers.</subfield></datafield><datafield ind1=" " ind2="0" tag="651"><subfield code="a">Pajaro River Valley (Calif.)</subfield><subfield code="x">Newspapers.</subfield></datafield><datafield ind1=" " ind2="7" tag="655"><subfield code="a">Newspapers.</subfield><subfield code="2">fast</subfield><subfield code="0">(OCoLC)fst01423814</subfield></datafield><datafield ind1=" " ind2="7" tag="651"><subfield code="a">California</subfield><subfield code="z">Pajaro River Valley.</subfield><subfield code="2">fast</subfield><subfield code="0">(OCoLC)fst01274883</subfield></datafield><datafield ind1=" " ind2=" " tag="752"><subfield code="a">United States</subfield><subfield code="b">California</subfield><subfield code="c">Santa Cruz</subfield><subfield code="d">Santa Cruz.</subfield></datafield><datafield ind1=" " ind2=" " tag="752"><subfield code="a">United States</subfield><subfield code="b">California</subfield><subfield code="c">Santa Cruz</subfield><subfield code="d">Watsonville.</subfield></datafield><datafield ind1="0" ind2="0" tag="780"><subfield code="t">Pajaro times</subfield><subfield code="w">(DLC)sn 93051002</subfield></datafield><datafield ind1="0" ind2="0" tag="785"><subfield code="t">Santa Cruz and Pajaro times</subfield><subfield code="w">(DLC)sn 85025124</subfield></datafield></record>